@misc{Notes2024,
  author = {Ayan Bhattacharya},
  howpublished = {SI 537 IIT Bombay},
  title = {Lecture Notes on Probability II},
  year = {Autumn 2024-25},
  url = {https://drive.google.com/file/d/1HF9J_EOmjKnIvX-TsI5MuABa2ayaV48M/view}
}
@book{lesigne2005heads,
  title={Heads or Tails: An Introduction to Limit Theorems in Probability},
  author={Lesigne, E.},
  isbn={9780821837146},
  lccn={2005041058},
  series={Student mathematical library},
  url={https://books.google.co.in/books?id=pazxBwAAQBAJ},
  year={2005},
  publisher={American Mathematical Society}
}
